@inproceedings{buildingIdT,
  title     = {Building Industrial Digital Twins},
  author    = {Shyam Varan Nath, Pieter van Schalkwyk},
  booktitle = {Building Industrial Digital Twins}
}